@InProceedings{SCSG,
  Title                    = {Less than a Single Pass: Stochastically Controlled Stochastic Gradient},
  Author                   = {Lei, Lihua and  Jordan, Michael I.},
  Booktitle                = {Proceedings of Machine Learning Research (AISTATS)},
  Year                     = {2017}
}

@article{Takac2013,
author = {Tak\'{a}\v{c}, Martin and Bijral, Avleen and Richt\'{a}rik, Peter and Srebro, Nathan},
journal = {In International Conference on Machine Learning},
pages = {537--552},
title = {Mini-batch primal and dual methods for SVMs},
volume = {28},
year = {2013}
}

@article{PCDM,
 title = {Parallel coordinate descent methods for big data optimization},
 author = {Richt\'{a}rik, Peter and Tak\'{a}\v{c},  Martin},
 journal = {Mathematical Programming},
 volume = {156},
 number = {1-2}, 
 pages = {433--484},
  year = {2016}
}

@inproceedings{heide2015fast,
  title={Fast and flexible convolutional sparse coding},
  author={Heide, Felix and Heidrich, Wolfgang and Wetzstein, Gordon},
  booktitle={Proceedings of the IEEE Conference on Computer Vision and Pattern Recognition},
  pages={5135--5143},
  year={2015}
}

@inproceedings{gu2015convolutional,
  title={Convolutional sparse coding for image super-resolution},
  author={Gu, Shuhang and Zuo, Wangmeng and Xie, Qi and Meng, Deyu and Feng, Xiangchu and Zhang, Lei},
  booktitle={Proceedings of the IEEE International Conference on Computer Vision},
  pages={1823--1831},
  year={2015}
}

@inproceedings{serrano2016convolutional,
  title={Convolutional sparse coding for high dynamic range imaging},
  author={Serrano, Ana and Heide, Felix and Gutierrez, Diego and Wetzstein, Gordon and Masia, Belen},
  booktitle={Computer Graphics Forum},
  volume={35},
  number={2},
  pages={153--163},
  year={2016},
  organization={Wiley Online Library}
}

@inproceedings{choudhury2017consensus,
  title={Consensus Convolutional Sparse Coding},
  author={Choudhury, Biswarup and Swanson, Robin and Heide, Felix and Wetzstein, Gordon and Heidrich, Wolfgang},
  booktitle={Proceedings of the IEEE International Conference on Computer Vision},
  pages={4290--4298},
  year={2017}
}

@inproceedings{bibi2017high,
  title={High order tensor formulation for convolutional sparse coding},
  author={Bibi, Adel and Ghanem, Bernard},
  booktitle={Proceedings of the IEEE Conference on Computer Vision and Pattern Recognition},
  pages={1772--1780},
  year={2017}
}

@inproceedings{kavukcuoglu2010learning,
  title={Learning convolutional feature hierarchies for visual recognition},
  author={Kavukcuoglu, Koray and Sermanet, Pierre and Boureau, Y-Lan and Gregor, Karol and Mathieu, Micha{\"e}l and Cun, Yann L},
  booktitle={Advances in neural information processing systems},
  pages={1090--1098},
  year={2010}
}

@article{lecun1998gradient,
  title={Gradient-based learning applied to document recognition},
  author={LeCun, Yann and Bottou, L{\'e}on and Bengio, Yoshua and Haffner, Patrick},
  journal={Proceedings of the IEEE},
  volume={86},
  number={11},
  pages={2278--2324},
  year={1998},
  publisher={IEEE}
}

@inproceedings{bristow2013fast,
  title={Fast convolutional sparse coding},
  author={Bristow, Hilton and Eriksson, Anders and Lucey, Simon},
  booktitle={Proceedings of the IEEE Conference on Computer Vision and Pattern Recognition},
  pages={391--398},
  year={2013}
}

@article{wohlberg2016efficient,
  title={Efficient algorithms for convolutional sparse representations},
  author={Wohlberg, Brendt},
  journal={IEEE Transactions on Image Processing},
  volume={25},
  number={1},
  pages={301--315},
  year={2016},
  publisher={IEEE}
}

@inproceedings{papyan2017convolutional,
  title={Convolutional dictionary learning via local processing},
  author={Papyan, Vardan and Romano, Yaniv and Sulam, Jeremias and Elad, Michael},
  booktitle={Proceedings of the IEEE International Conference on Computer Vision},
  pages={5296--5304},
  year={2017}
}

@inproceedings{krizhevsky2012imagenet,
  title={Imagenet classification with deep convolutional neural networks},
  author={Krizhevsky, Alex and Sutskever, Ilya and Hinton, Geoffrey E},
  booktitle={Advances in neural information processing systems},
  pages={1097--1105},
  year={2012}
}

@inproceedings{zeiler2010deconvolutional,
  title={Deconvolutional networks},
  author={Zeiler, Matthew D and Krishnan, Dilip and Taylor, Graham W and Fergus, Rob},
  booktitle={Proceedings of the IEEE Conference on Computer Vision and Pattern Recognition},
  pages={2528--2535},
  year={2010}
}

@article{boyd2011distributed,
  title={Distributed optimization and statistical learning via the alternating direction method of multipliers},
  author={Boyd, Stephen and Parikh, Neal and Chu, Eric and Peleato, Borja and Eckstein, Jonathan and others},
  journal={Foundations and Trends{\textregistered} in Machine learning},
  volume={3},
  number={1},
  pages={1--122},
  year={2011},
  publisher={Now Publishers, Inc.}
}

@inproceedings{jas2017learning,
  title={Learning the morphology of brain signals using alpha-stable convolutional sparse coding},
  author={Jas, Mainak and La Tour, Tom Dupr{\'e} and Simsekli, Umut and Gramfort, Alexandre},
  booktitle={Advances in Neural Information Processing Systems},
  pages={1099--1108},
  year={2017}
}

@inproceedings{peter2017sparse,
  title={Sparse convolutional coding for neuronal assembly detection},
  author={Peter, Sven and Kirschbaum, Elke and Both, Martin and Campbell, Lee and Harvey, Brandon and Heins, Conor and Durstewitz, Daniel and Diego, Ferran and Hamprecht, Fred A},
  booktitle={Advances in Neural Information Processing Systems},
  pages={3678--3688},
  year={2017}
}

@article{shalev2012online,
  title={Online learning and online convex optimization},
  author={Shalev-Shwartz, Shai and others},
  journal={Foundations and Trends{\textregistered} in Machine Learning},
  volume={4},
  number={2},
  pages={107--194},
  year={2012},
  publisher={Now Publishers, Inc.}
}

@inproceedings{bousquet2008tradeoffs,
  title={The tradeoffs of large scale learning},
  author={Bousquet, Olivier and Bottou, L{\'e}on},
  booktitle={Advances in neural information processing systems},
  pages={161--168},
  year={2008}
}

@inproceedings{mairal2009online,
  title={Online dictionary learning for sparse coding},
  author={Mairal, Julien and Bach, Francis and Ponce, Jean and Sapiro, Guillermo},
  booktitle={International Conference on Machine Learning},
  pages={689--696},
  year={2009}
}

@article{mairal2010online,
  title={Online learning for matrix factorization and sparse coding},
  author={Mairal, Julien and Bach, Francis and Ponce, Jean and Sapiro, Guillermo},
  journal={Journal of Machine Learning Research},
  pages={19--60},
  year={2010}
}

@inproceedings{mensch2016dictionary,
  title={Dictionary learning for massive matrix factorization},
  author={Mensch, Arthur and Mairal, Julien and Thirion, Bertrand and Varoquaux, Ga{\"e}l},
  booktitle={International Conference on Machine Learning},
  pages={1737--1746},
  year={2016}
}

@article{liu-2018-first,
  title={First-and Second-Order Methods for Online Convolutional Dictionary Learning},
  author={Liu, Jialin and Garcia-Cardona, Cristina and Wohlberg, Brendt and Yin, Wotao},
  journal={SIAM Journal on Imaging Sciences},
  volume={11},
  number={2},
  pages={1589--1628},
  year={2018},
  publisher={SIAM}
}

@article{wang2018scalable,
  title={Scalable online convolutional sparse coding},
  author={Wang, Yaqing and Yao, Quanming and Kwok, James T and Ni, Lionel M},
  journal={IEEE Transactions on Image Processing},
  volume={27},
  number={10},
  pages={4850--4859},
  year={2018},
  publisher={IEEE}
}

@inproceedings{reddi2016stochastic,
  title={Stochastic Frank-Wolfe methods for nonconvex optimization},
  author={Reddi, Sashank J and Sra, Suvrit and P{\'o}czos, Barnab{\'a}s and Smola, Alex},
  booktitle={54th Annual Allerton Conference on Communication, Control, and Computing (Allerton) },
  pages={1244--1251},
  year={2016}
}

@InProceedings{pmlr-v80-kerdreux18a,
  title = 	 {Frank-{W}olfe with Subsampling Oracle},
  author = 	 {Kerdreux, Thomas and Pedregosa, Fabian and d'Aspremont, Alexandre},
  booktitle = 	 {International Conference on Machine Learning},
  pages = 	 {2591--2600},
  year = 	 {2018},
}


@inproceedings{deng2009imagenet,
  title={Imagenet: A large-scale hierarchical image database},
  author={Deng, Jia and Dong, Wei and Socher, Richard and Li, Li-Jia and Li, Kai and Fei-Fei, Li},
  booktitle={Proceedings of the IEEE Conference on Computer Vision and Pattern Recognition},
  pages={248--255},
  year={2009}
}

@article{bottou1998online,
  title={Online learning and stochastic approximations},
  author={Bottou, L{\'e}on},
  journal={On-line learning in neural networks},
  volume={17},
  number={9},
  pages={142},
  year={1998},
  publisher={Cambridge Univ. Press}
}

@inproceedings{johnson2017stingycd,
  title={StingyCD: Safely Avoiding Wasteful Updates in Coordinate Descent},
  author={Johnson, Tyler B and Guestrin, Carlos},
  booktitle={International Conference on Machine Learning},
  pages={1752--1760},
  year={2017}
}

@inproceedings{ghaoui2012Swfe,
  title={Safe feature elimination for the lasso and sparse supervised learning problems},
  author={Ghaoui, Laurent El and Viallon, Vivian and Rabbani, Tarek},
  booktitle={Pacific Journal of Optimization},
  pages={667--698},
  year={2012}
}